@book{lit01,
 author      = {Christoph Friedrich},
 title       = {{Schriftliche Arbeiten im technisch-na\-tur\-wis\-sen\-schaft\-lichen Studium}},
 edition     = {1.~Auf"|lage},
 year        = {1997},
 publisher   = {Dudenverlag},
 address     = {Mannheim},
}
@book{lit02,
 author      = {Jürgen Gulbins and Christine Kahrmann},
 title       = {{Mut zur Typographie}},
 edition     = {{korrigierter Nachdruck der 1.~Auf"|lage}},
 year        = {1993},
 publisher   = {Springer-Verlag},
 address     = {Berlin},
}
@misc{lit03,
 author      = {Walter Schmidt and Jörg Knappen and Hubert Partl and Irene Hyna},
 title       = {{\itshape \LaTeX2$_\varepsilon$-Kurz\-be\-schrei\-bung}},
 year        = {Version 2.3, 2003},
}
@book{lit04,
 editor      = {Dudenredaktion},
 title       = {{Duden, Band 1: Die deutsche Rechtschreibung}},
 edition     = {{aktualisierter Nachdruck der 22.~Auf"|lage}},
 year        = {2001},
 publisher   = {Dudenverlag},
 address     = {Mannheim},
}
@article{lit05,
 author      = {Marion Neubauer},
 title       = {{Feinheiten bei wissenschaftlichen Publikationen\,--\,Mikro\-typo\-gra\-phie-Regeln, Teil I}},
 journal     = {Die \TeX{}nische Komödie},
 year        = {1996},
 pages       = {23--40, Heft~4},
}
@article{lit06,
 author      = {Marion Neubauer},
 title       = {{Feinheiten bei wissenschaftlichen Publikationen\,--\,Mikro\-typo\-gra\-phie-Regeln, Teil II}},
 journal     = {Die \TeX{}nische Komödie},
 year        = {1997},
 pages       = {25--44, Heft~1},
}
@article{lit07,
 author      = {Sven Storbeck},
 title       = {{Bretter, die die Welt bedeuten}},
 journal     = {Die \TeX{}nische Komödie},
 year        = {2000},
 pages       = {6--30, Heft 3},
}
