@book{prog01,
   author      = {Guido Krüger},
   title       = {{GoTO Java 2}},
   year        = {2000},
   publisher   = {Addison Wesley Verlag},
   edition     = {2.~Auf"|lage},
   address     = {München},
   }
@book{prog02,
   author      = {Harold Abelson and Gerald Jay Sussman and Julie Sussman},
   title       = {{Structure and Interpretation of Computer Programs}},
   year        = {1996},
   publisher   = {MIT Press},
   edition     = {2.~Auf"|lage},
   address     = {Cambridge},
   }
@book{prog03,
   author      = {Peter Rechenberg},
   title       = {{Was ist Informatik?}},
   year        = {2000},
   publisher   = {Hanser Verlag},
   edition     = {3.~Auf"|lage},
   address     = {München},
   }
@book{prog04,
   author      = {Albrecht Weinert},
   title       = {{Java für Ingenieure}},
   year        = {2001},
   publisher   = {Fachbuchverlag Leipzig im Carl-Hanser-Verlag},
   edition     = {1.~Auf"|lage},
   address     = {München},
   }
@book{prog05,
   editor      = {Meyers Lexikonredaktion},
   title       = {{Duden Informatik}},
   year        = {2001},
   publisher   = {Dudenverlag},
   edition     = {3.~Auf"|lage},
   address     = {Mannheim},
   }
@book{prog06,
   author      = {Harold Abelson and Gerald Jay Sussman and Julie Sussman},
   title       = {{Struktur und Interpretation von Computerprogrammen}},
   year        = {2002},
   publisher   = {Springer Verlag},
   edition     = {4.~Auf"|lage},
   address     = {Berlin},
   }
@manual{prog07,
   organization = {Regionales Rechenzentrum für Niedersachsen RRZN},
   title        = {{Linux -- Nutzung mit der grafischen Oberfläche KDE}},
   year         = {2000},
   edition      = {1.~Auf"|lage},
   address      = {Hannover},
   }
@manual{prog08,
   organization = {Regionales Rechenzentrum für Niedersachsen RRZN},
   title        = {{Unix -- Eine Einführung in die Benutzung}},
   year         = {2000},
   edition      = {14.~Auf"|lage},
   address      = {Hannover},
   }
@book{prog09,
   author      = {Ernst-Wolfgang Dieterich},
   title       = {{Java 2}},
   year        = {2001},
   publisher   = {Oldenbourg Verlag},
   edition     = {2.~Auf"|lage},
   address     = {München},
   }
@manual{prog10,
   organization = {Regionales Rechenzentrum für Niedersachsen RRZN},
   title        = {{Java 2}},
   year         = {2001},
   edition      = {1.~Auf"|lage},
   address      = {Hannover},
   }
@book{prog11,
   author      = {Klaus Echtle and Michael Goedicke},
   title       = {{Lehrbuch der Programmierung mit Java}},
   year        = {2000},
   publisher   = {Dpunkt Verlag},
   edition     = {1.~Auf"|lage},
   address     = {Heidelberg},
   }
@book{prog12,
   author      = {Manfred Brill},
   title       = {{Mathematik für Informatiker}},
   year        = {2001},
   publisher   = {Hanser Verlag},
   edition     = {1.~Auf"|lage},
   address     = {München},
   }
@book{prog13,
   author      = {R. Kent Dybvig},
   title       = {{The Scheme Programming Language}},
   year        = {1996},
   publisher   = {Prentice Hall},
   edition     = {2.~Auf"|lage},
   address     = {Upper Saddle River},
   }
@book{prog14,
   author      = {Timothy Budd},
   title       = {{Classic Data Structures in Java}},
   year        = {2001},
   publisher   = {Addison Wesley},
   edition     = {1.~Auf"|lage},
   address     = {Boston},
   }
@book{prog15,
   author      = {Judith Bishop},
   title       = {{Java lernen}},
   year        = {2001},
   publisher   = {Addison Wesley},
   edition     = {2.~Auf"|lage},
   address     = {München},
   }
